75600000         221908969000135                    04155600000001639290REDE EDUCA GOIAS LTDA         SICOOB                                  11901202114303700000108100000                                                                     
75600011R01  040 2021908969000135                    0415560000000163929 REDE EDUCA GOIAS LTDA                                                                                         000000011901202100000000                                 
7560001300001P 010415560000000163929 000000001001014     10 220000000000000011002202100000000019943300000 02A19012021000000000000000000000000000000000000000000000000000000000000000000000000000000                         3000   090000000000 
7560001300002Q 011000003126569129AMANDA DOURADO DA SILVA                 RUA 12                                  SETOR PRIMAVERA73805120FORMOSA        GO0000000000000000                                        000                            
7560001300003R 01000000000000000000000000000000000000000000000000000000000000000000000000                                                                                                              0000000000000000 000000000000  0         
7560001300004P 010415560000000163929 000000002701014     10 220000000000000021003202100000000019943300000 02A19012021000000000000000000000000000000000000000000000000000000000000000000000000000000                         3000   090000000000 
7560001300005Q 011000003126569129AMANDA DOURADO DA SILVA                 RUA 12                                  SETOR PRIMAVERA73805120FORMOSA        GO0000000000000000                                        000                            
7560001300006R 01000000000000000000000000000000000000000000000000000000000000000000000000                                                                                                              0000000000000000 000000000000  0         
7560001300007P 010415560000000163929 000000003401014     10 220000000000000031004202100000000019943300000 02A19012021000000000000000000000000000000000000000000000000000000000000000000000000000000                         3000   090000000000 
7560001300008Q 011000003126569129AMANDA DOURADO DA SILVA                 RUA 12                                  SETOR PRIMAVERA73805120FORMOSA        GO0000000000000000                                        000                            
7560001300009R 01000000000000000000000000000000000000000000000000000000000000000000000000                                                                                                              0000000000000000 000000000000  0         
75600015         00001100000300000000000598299000000000000000000000000000000000000000000000000000000000000000000000                                                                                                                             
75699999         000001000013000000                                                                                                                                                                                                             