75600000         221908969000135                    04155600000016392930REDE EDUCA GOIAS LTDA         SICOOB                                  11801202108031700000308100000                                                                     
75600011R01  040 2021908969000135                    0415560000001639293 REDE EDUCA GOIAS LTDA                                                                                         000000031801202100000000                                 
7560001300001P 010415560000001639293 000000001001014     10 220000000000000011002202100000000019943300000 02A17012021000000000000000000000000000000000000000000000000000000000000000000000000000000                         3000   090000000000 
7560001300002Q 011000003126569129AMANDA DOURADO DA SILVA                 RUA 12                                  SETOR PRIMAVERA73805120FORMOSA        GO0000000000000000                                        000                            
7560001300003R 01000000000000000000000000000000000000000000000000000000000000000000000000                                                                                                              0000000000000000 000000000000  0         
7560001300004P 010415560000001639293 000000002701014     10 220000000000000021003202100000000019943300000 02A17012021000000000000000000000000000000000000000000000000000000000000000000000000000000                         3000   090000000000 
7560001300005Q 011000003126569129AMANDA DOURADO DA SILVA                 RUA 12                                  SETOR PRIMAVERA73805120FORMOSA        GO0000000000000000                                        000                            
7560001300006R 01000000000000000000000000000000000000000000000000000000000000000000000000                                                                                                              0000000000000000 000000000000  0         
7560001300007P 010415560000001639293 000000003401014     10 220000000000000031004202100000000019943300000 02A17012021000000000000000000000000000000000000000000000000000000000000000000000000000000                         3000   090000000000 
7560001300008Q 011000003126569129AMANDA DOURADO DA SILVA                 RUA 12                                  SETOR PRIMAVERA73805120FORMOSA        GO0000000000000000                                        000                            
7560001300009R 01000000000000000000000000000000000000000000000000000000000000000000000000                                                                                                              0000000000000000 000000000000  0         
7560001300010P 010415560000001639293 000000004101014     10 220000000000000041002202100000000005439100000 02A17012021000000000000000000000000110022021000000000004000000000000000000000000000000000                         3000   090000000000 
7560001300011Q 011000003532243911MICHELLE FERNANDA CAVALCANTE            RUA SANTOS DUMONT QUADRA 32 LOTE0       SETOR CENTRAL  73801410FORMOSA        GO0000000000000000                                        000                            
7560001300012R 01000000000000000000000000000000000000000000000000000000000000000000000000                                                                                                              0000000000000000 000000000000  0         
7560001300013P 010415560000001639293 000000005901014     10 220000000000000051003202100000000005439100000 02A17012021000000000000000000000000110032021000000000004000000000000000000000000000000000                         3000   090000000000 
7560001300014Q 011000003532243911MICHELLE FERNANDA CAVALCANTE            RUA SANTOS DUMONT QUADRA 32 LOTE0       SETOR CENTRAL  73801410FORMOSA        GO0000000000000000                                        000                            
7560001300015R 01000000000000000000000000000000000000000000000000000000000000000000000000                                                                                                              0000000000000000 000000000000  0         
7560001300016P 010415560000001639293 000000006601014     10 220000000000000061004202100000000005439100000 02A17012021000000000000000000000000110042021000000000004000000000000000000000000000000000                         3000   090000000000 
7560001300017Q 011000003532243911MICHELLE FERNANDA CAVALCANTE            RUA SANTOS DUMONT QUADRA 32 LOTE0       SETOR CENTRAL  73801410FORMOSA        GO0000000000000000                                        000                            
7560001300018R 01000000000000000000000000000000000000000000000000000000000000000000000000                                                                                                              0000000000000000 000000000000  0         
7560001300019P 010415560000001639293 000000007301014     10 220000000000000071005202100000000005439100000 02A17012021000000000000000000000000110052021000000000004000000000000000000000000000000000                         3000   090000000000 
7560001300020Q 011000003532243911MICHELLE FERNANDA CAVALCANTE            RUA SANTOS DUMONT QUADRA 32 LOTE0       SETOR CENTRAL  73801410FORMOSA        GO0000000000000000                                        000                            
7560001300021R 01000000000000000000000000000000000000000000000000000000000000000000000000                                                                                                              0000000000000000 000000000000  0         
7560001300022P 010415560000001639293 000000008001014     10 220000000000000081006202100000000005439100000 02A17012021000000000000000000000000110062021000000000004000000000000000000000000000000000                         3000   090000000000 
7560001300023Q 011000003532243911MICHELLE FERNANDA CAVALCANTE            RUA SANTOS DUMONT QUADRA 32 LOTE0       SETOR CENTRAL  73801410FORMOSA        GO0000000000000000                                        000                            
7560001300024R 01000000000000000000000000000000000000000000000000000000000000000000000000                                                                                                              0000000000000000 000000000000  0         
7560001300025P 010415560000001639293 000000009801014     10 220000000000000091007202100000000005439100000 02A17012021000000000000000000000000110072021000000000004000000000000000000000000000000000                         3000   090000000000 
7560001300026Q 011000003532243911MICHELLE FERNANDA CAVALCANTE            RUA SANTOS DUMONT QUADRA 32 LOTE0       SETOR CENTRAL  73801410FORMOSA        GO0000000000000000                                        000                            
7560001300027R 01000000000000000000000000000000000000000000000000000000000000000000000000                                                                                                              0000000000000000 000000000000  0         
7560001300028P 010415560000001639293 000000010601014     10 220000000000000101008202100000000005439100000 02A17012021000000000000000000000000110082021000000000004000000000000000000000000000000000                         3000   090000000000 
7560001300029Q 011000003532243911MICHELLE FERNANDA CAVALCANTE            RUA SANTOS DUMONT QUADRA 32 LOTE0       SETOR CENTRAL  73801410FORMOSA        GO0000000000000000                                        000                            
7560001300030R 01000000000000000000000000000000000000000000000000000000000000000000000000                                                                                                              0000000000000000 000000000000  0         
7560001300031P 010415560000001639293 000000011301014     10 220000000000000111009202100000000005439100000 02A17012021000000000000000000000000110092021000000000004000000000000000000000000000000000                         3000   090000000000 
7560001300032Q 011000003532243911MICHELLE FERNANDA CAVALCANTE            RUA SANTOS DUMONT QUADRA 32 LOTE0       SETOR CENTRAL  73801410FORMOSA        GO0000000000000000                                        000                            
7560001300033R 01000000000000000000000000000000000000000000000000000000000000000000000000                                                                                                              0000000000000000 000000000000  0         
7560001300034P 010415560000001639293 000000012001014     10 220000000000000121010202100000000005439100000 02A17012021000000000000000000000000110102021000000000004000000000000000000000000000000000                         3000   090000000000 
7560001300035Q 011000003532243911MICHELLE FERNANDA CAVALCANTE            RUA SANTOS DUMONT QUADRA 32 LOTE0       SETOR CENTRAL  73801410FORMOSA        GO0000000000000000                                        000                            
7560001300036R 01000000000000000000000000000000000000000000000000000000000000000000000000                                                                                                              0000000000000000 000000000000  0         
7560001300037P 010415560000001639293 000000013801014     10 220000000000000131011202100000000005439100000 02A17012021000000000000000000000000110112021000000000004000000000000000000000000000000000                         3000   090000000000 
7560001300038Q 011000003532243911MICHELLE FERNANDA CAVALCANTE            RUA SANTOS DUMONT QUADRA 32 LOTE0       SETOR CENTRAL  73801410FORMOSA        GO0000000000000000                                        000                            
7560001300039R 01000000000000000000000000000000000000000000000000000000000000000000000000                                                                                                              0000000000000000 000000000000  0         
7560001300040P 010415560000001639293 000000014501014     10 220000000000000141012202100000000005439100000 02A17012021000000000000000000000000110122021000000000004000000000000000000000000000000000                         3000   090000000000 
7560001300041Q 011000003532243911MICHELLE FERNANDA CAVALCANTE            RUA SANTOS DUMONT QUADRA 32 LOTE0       SETOR CENTRAL  73801410FORMOSA        GO0000000000000000                                        000                            
7560001300042R 01000000000000000000000000000000000000000000000000000000000000000000000000                                                                                                              0000000000000000 000000000000  0         
7560001300043P 010415560000001639293 000000015201014     10 220000000000000151002202100000000006530000000 02A17012021000000000000000000000000110022021000000000011400000000000000000000000000000000                         3000   090000000000 
7560001300044Q 011000009272899702THYAGO PAIVA DE PAULA                   RUA 05                                  SETOR PRIMAVERA00000007FORMOSA        GO0000000000000000                                        000                            
7560001300045R 01000000000000000000000000000000000000000000000000000000000000000000000000                                                                                                              0000000000000000 000000000000  0         
7560001300046P 010415560000001639293 000000016001014     10 220000000000000161003202100000000006530000000 02A17012021000000000000000000000000110032021000000000011400000000000000000000000000000000                         3000   090000000000 
7560001300047Q 011000009272899702THYAGO PAIVA DE PAULA                   RUA 05                                  SETOR PRIMAVERA00000007FORMOSA        GO0000000000000000                                        000                            
7560001300048R 01000000000000000000000000000000000000000000000000000000000000000000000000                                                                                                              0000000000000000 000000000000  0         
7560001300049P 010415560000001639293 000000017701014     10 220000000000000171004202100000000006530000000 02A17012021000000000000000000000000110042021000000000011400000000000000000000000000000000                         3000   090000000000 
7560001300050Q 011000009272899702THYAGO PAIVA DE PAULA                   RUA 05                                  SETOR PRIMAVERA00000007FORMOSA        GO0000000000000000                                        000                            
7560001300051R 01000000000000000000000000000000000000000000000000000000000000000000000000                                                                                                              0000000000000000 000000000000  0         
7560001300052P 010415560000001639293 000000018401014     10 220000000000000181005202100000000006530000000 02A17012021000000000000000000000000110052021000000000011400000000000000000000000000000000                         3000   090000000000 
7560001300053Q 011000009272899702THYAGO PAIVA DE PAULA                   RUA 05                                  SETOR PRIMAVERA00000007FORMOSA        GO0000000000000000                                        000                            
7560001300054R 01000000000000000000000000000000000000000000000000000000000000000000000000                                                                                                              0000000000000000 000000000000  0         
7560001300055P 010415560000001639293 000000019101014     10 220000000000000191006202100000000006530000000 02A17012021000000000000000000000000110062021000000000011400000000000000000000000000000000                         3000   090000000000 
7560001300056Q 011000009272899702THYAGO PAIVA DE PAULA                   RUA 05                                  SETOR PRIMAVERA00000007FORMOSA        GO0000000000000000                                        000                            
7560001300057R 01000000000000000000000000000000000000000000000000000000000000000000000000                                                                                                              0000000000000000 000000000000  0         
7560001300058P 010415560000001639293 000000020001014     10 220000000000000201007202100000000004530000000 02A17012021000000000000000000000000110072021000000000011400000000000000000000000000000000                         3000   090000000000 
7560001300059Q 011000009272899702THYAGO PAIVA DE PAULA                   RUA 05                                  SETOR PRIMAVERA00000007FORMOSA        GO0000000000000000                                        000                            
7560001300060R 01000000000000000000000000000000000000000000000000000000000000000000000000                                                                                                              0000000000000000 000000000000  0         
7560001300061P 010415560000001639293 000000021701014     10 220000000000000211008202100000000004530000000 02A17012021000000000000000000000000110082021000000000011400000000000000000000000000000000                         3000   090000000000 
7560001300062Q 011000009272899702THYAGO PAIVA DE PAULA                   RUA 05                                  SETOR PRIMAVERA00000007FORMOSA        GO0000000000000000                                        000                            
7560001300063R 01000000000000000000000000000000000000000000000000000000000000000000000000                                                                                                              0000000000000000 000000000000  0         
7560001300064P 010415560000001639293 000000022401014     10 220000000000000221009202100000000004530000000 02A17012021000000000000000000000000110092021000000000011400000000000000000000000000000000                         3000   090000000000 
7560001300065Q 011000009272899702THYAGO PAIVA DE PAULA                   RUA 05                                  SETOR PRIMAVERA00000007FORMOSA        GO0000000000000000                                        000                            
7560001300066R 01000000000000000000000000000000000000000000000000000000000000000000000000                                                                                                              0000000000000000 000000000000  0         
7560001300067P 010415560000001639293 000000023101014     10 220000000000000231010202100000000004530000000 02A17012021000000000000000000000000110102021000000000011400000000000000000000000000000000                         3000   090000000000 
7560001300068Q 011000009272899702THYAGO PAIVA DE PAULA                   RUA 05                                  SETOR PRIMAVERA00000007FORMOSA        GO0000000000000000                                        000                            
7560001300069R 01000000000000000000000000000000000000000000000000000000000000000000000000                                                                                                              0000000000000000 000000000000  0         
7560001300070P 010415560000001639293 000000024901014     10 220000000000000241011202100000000004530000000 02A17012021000000000000000000000000110112021000000000011400000000000000000000000000000000                         3000   090000000000 
7560001300071Q 011000009272899702THYAGO PAIVA DE PAULA                   RUA 05                                  SETOR PRIMAVERA00000007FORMOSA        GO0000000000000000                                        000                            
7560001300072R 01000000000000000000000000000000000000000000000000000000000000000000000000                                                                                                              0000000000000000 000000000000  0         
7560001300073P 010415560000001639293 000000025601014     10 220000000000000251012202100000000004530000000 02A17012021000000000000000000000000110122021000000000011400000000000000000000000000000000                         3000   090000000000 
7560001300074Q 011000009272899702THYAGO PAIVA DE PAULA                   RUA 05                                  SETOR PRIMAVERA00000007FORMOSA        GO0000000000000000                                        000                            
7560001300075R 01000000000000000000000000000000000000000000000000000000000000000000000000                                                                                                              0000000000000000 000000000000  0         
75600015         00007700002500000000001794900000000000000000000000000000000000000000000000000000000000000000000000                                                                                                                             
75699999         000001000079000000                                                                                                                                                                                                             