75600000         221908969000135                    04155600000016392930REDE EDUCA GOIAS LTDA         SICOOB                                  11801202108551800001008100000                                                                     
75600011R01  040 2021908969000135                    0415560000001639293 REDE EDUCA GOIAS LTDA                                                                                         000000101801202100000000                                 
7560001300001P 010415560000001639293 000000026301014     10 220000000000000261002202100000000005075500000 02A18012021000000000000000000000000110022021000000000007000000000000000000000000000000000                         3000   090000000000 
7560001300002Q 011000056697180110ABADIA DA COSTA FERREIA                 RUA 05 QUADRA 13                        SETOR PRIMAVERA73805175FORMOSA        GO0000000000000000                                        000                            
7560001300003R 01000000000000000000000000000000000000000000000000000000000000000000000000                                                                                                              0000000000000000 000000000000  0         
7560001300004P 010415560000001639293 000000027001014     10 220000000000000271003202100000000005075500000 02A18012021000000000000000000000000110032021000000000007000000000000000000000000000000000                         3000   090000000000 
7560001300005Q 011000056697180110ABADIA DA COSTA FERREIA                 RUA 05 QUADRA 13                        SETOR PRIMAVERA73805175FORMOSA        GO0000000000000000                                        000                            
7560001300006R 01000000000000000000000000000000000000000000000000000000000000000000000000                                                                                                              0000000000000000 000000000000  0         
7560001300007P 010415560000001639293 000000028801014     10 220000000000000281004202100000000005075500000 02A18012021000000000000000000000000110042021000000000007000000000000000000000000000000000                         3000   090000000000 
7560001300008Q 011000056697180110ABADIA DA COSTA FERREIA                 RUA 05 QUADRA 13                        SETOR PRIMAVERA73805175FORMOSA        GO0000000000000000                                        000                            
7560001300009R 01000000000000000000000000000000000000000000000000000000000000000000000000                                                                                                              0000000000000000 000000000000  0         
7560001300010P 010415560000001639293 000000029501014     10 220000000000000291005202100000000005075500000 02A18012021000000000000000000000000110052021000000000007000000000000000000000000000000000                         3000   090000000000 
7560001300011Q 011000056697180110ABADIA DA COSTA FERREIA                 RUA 05 QUADRA 13                        SETOR PRIMAVERA73805175FORMOSA        GO0000000000000000                                        000                            
7560001300012R 01000000000000000000000000000000000000000000000000000000000000000000000000                                                                                                              0000000000000000 000000000000  0         
7560001300013P 010415560000001639293 000000030301014     10 220000000000000301006202100000000005075500000 02A18012021000000000000000000000000110062021000000000007000000000000000000000000000000000                         3000   090000000000 
7560001300014Q 011000056697180110ABADIA DA COSTA FERREIA                 RUA 05 QUADRA 13                        SETOR PRIMAVERA73805175FORMOSA        GO0000000000000000                                        000                            
7560001300015R 01000000000000000000000000000000000000000000000000000000000000000000000000                                                                                                              0000000000000000 000000000000  0         
7560001300016P 010415560000001639293 000000031001014     10 220000000000000311007202100000000005075500000 02A18012021000000000000000000000000110072021000000000007000000000000000000000000000000000                         3000   090000000000 
7560001300017Q 011000056697180110ABADIA DA COSTA FERREIA                 RUA 05 QUADRA 13                        SETOR PRIMAVERA73805175FORMOSA        GO0000000000000000                                        000                            
7560001300018R 01000000000000000000000000000000000000000000000000000000000000000000000000                                                                                                              0000000000000000 000000000000  0         
7560001300019P 010415560000001639293 000000032801014     10 220000000000000321008202100000000005075500000 02A18012021000000000000000000000000110082021000000000007000000000000000000000000000000000                         3000   090000000000 
7560001300020Q 011000056697180110ABADIA DA COSTA FERREIA                 RUA 05 QUADRA 13                        SETOR PRIMAVERA73805175FORMOSA        GO0000000000000000                                        000                            
7560001300021R 01000000000000000000000000000000000000000000000000000000000000000000000000                                                                                                              0000000000000000 000000000000  0         
7560001300022P 010415560000001639293 000000033501014     10 220000000000000331009202100000000005075500000 02A18012021000000000000000000000000110092021000000000007000000000000000000000000000000000                         3000   090000000000 
7560001300023Q 011000056697180110ABADIA DA COSTA FERREIA                 RUA 05 QUADRA 13                        SETOR PRIMAVERA73805175FORMOSA        GO0000000000000000                                        000                            
7560001300024R 01000000000000000000000000000000000000000000000000000000000000000000000000                                                                                                              0000000000000000 000000000000  0         
7560001300025P 010415560000001639293 000000034201014     10 220000000000000341010202100000000005075500000 02A18012021000000000000000000000000110102021000000000007000000000000000000000000000000000                         3000   090000000000 
7560001300026Q 011000056697180110ABADIA DA COSTA FERREIA                 RUA 05 QUADRA 13                        SETOR PRIMAVERA73805175FORMOSA        GO0000000000000000                                        000                            
7560001300027R 01000000000000000000000000000000000000000000000000000000000000000000000000                                                                                                              0000000000000000 000000000000  0         
7560001300028P 010415560000001639293 000000035001014     10 220000000000000351011202100000000005075500000 02A18012021000000000000000000000000110112021000000000007000000000000000000000000000000000                         3000   090000000000 
7560001300029Q 011000056697180110ABADIA DA COSTA FERREIA                 RUA 05 QUADRA 13                        SETOR PRIMAVERA73805175FORMOSA        GO0000000000000000                                        000                            
7560001300030R 01000000000000000000000000000000000000000000000000000000000000000000000000                                                                                                              0000000000000000 000000000000  0         
7560001300031P 010415560000001639293 000000036701014     10 220000000000000361012202100000000005075500000 02A18012021000000000000000000000000110122021000000000007000000000000000000000000000000000                         3000   090000000000 
7560001300032Q 011000056697180110ABADIA DA COSTA FERREIA                 RUA 05 QUADRA 13                        SETOR PRIMAVERA73805175FORMOSA        GO0000000000000000                                        000                            
7560001300033R 01000000000000000000000000000000000000000000000000000000000000000000000000                                                                                                              0000000000000000 000000000000  0         
75600015         00003500001100000000000558305000000000000000000000000000000000000000000000000000000000000000000000                                                                                                                             
75699999         000001000037000000                                                                                                                                                                                                             